@incollection{moltmann2017natural,
  title={Natural Language Ontology},
  author={Moltmann, Friederike},
  booktitle={Oxford Research Encyclopedia of Linguistics},
  year={2017}
}

@article{miller1995wordnet,
  title={WordNet: a lexical database for English},
  author={Miller, George A},
  journal={Communications of the ACM},
  volume={38},
  number={11},
  pages={39--41},
  year={1995},
  publisher={ACM}
}

@book{huang2010ontology,
  title={Ontology and the lexicon: A natural language processing perspective},
  author={Huang, Chu-Ren},
  year={2010},
  publisher={Cambridge University Press}
}

@article{bateman1997theoretical,
  title={The theoretical status of ontologies in natural language processing},
  author={Bateman, John A},
  journal={arXiv preprint cmp-lg/9704010},
  year={1997}
}

@article{schuler2005verbnet,
  title={Verbnet: a broad-coverage, comprehensive verb lexicon},
  author={Schuler, Karin Kipper},
  year={2005},
  publisher={University of Pennsylvania}
}

@article{liu2004conceptnet,
  title={ConceptNet—a practical commonsense reasoning tool-kit},
  author={Liu, Hugo and Singh, Push},
  journal={BT technology journal},
  volume={22},
  number={4},
  pages={211--226},
  year={2004},
  publisher={Springer}
}

@article{daniel1951materials,
  title={Materials for the Study of Navya-nyaya Logic},
  author={Daniel Henry Holmes Ingalls},
  year={1951},
  publisher={Motilal Banarsidass},
  pages={37--39},
  ISBN={978-81-208-0384-8}
}

@article{radhakrishnan2006indian,
  title={Indian Philosophy, Vol. II},
  author={Radhakrishnan, S},
  year={2006},
  publisher={Oxford University Press, New Delhi},
  ISBN={0-19-563820-4}
}

@book{matilal1977nyaya,
  title={Ny{\=a}ya-Vai{\'s}eṣika},
  author={Matilal, Bimal Krishna},
  year={1977},
  publisher={Otto Harrassowitz Verlag}
}
